@article{padegimas2020cardioprotective,
  title     = {Cardioprotective strategies to prevent breast cancer therapy-induced cardiotoxicity},
  author    = {Padegimas, Allison and Clasen, Suparna and Ky, Bonnie},
  journal   = {Trends in cardiovascular medicine},
  volume    = {30},
  number    = {1},
  pages     = {22--28},
  year      = {2020},
  publisher = {Elsevier}
}